<marcxml:record xmlns:xlink="http://www.w3.org/1999/xlink" xmlns:marcxml="http://www.loc.gov/MARC21/slim" xmlns:mets="http://www.loc.gov/METS/" xmlns:mxe="http://www.loc.gov/mxe" xmlns:rdf="http://www.w3.org/1999/02/22-rdf-syntax-ns#" xmlns:rdfs="http://www.w3.org/2000/01/rdf-schema#" xmlns:skos="http://www.w3.org/2004/02/skos/core#" xmlns:madsrdf="http://www.loc.gov/mads/rdf/v1#" xmlns:ri="http://id.loc.gov/ontologies/RecordInfo#" xmlns:sem="http://marklogic.com/semantics">
  <marcxml:leader>00841nz  a2200193n  4500</marcxml:leader>
  <marcxml:controlfield tag="001">no2008018895</marcxml:controlfield>
  <marcxml:controlfield tag="003">DLC</marcxml:controlfield>
  <marcxml:controlfield tag="005">20080207075341.0</marcxml:controlfield>
  <marcxml:controlfield tag="008">080205n| acannaabn          |a aaa     c</marcxml:controlfield>
  <marcxml:datafield tag="010" ind1=" " ind2=" ">
    <marcxml:subfield code="a">no2008018895</marcxml:subfield>
  </marcxml:datafield>
  <marcxml:datafield tag="035" ind1=" " ind2=" ">
    <marcxml:subfield code="a">(OCoLC)oca07650079</marcxml:subfield>
  </marcxml:datafield>
  <marcxml:datafield tag="040" ind1=" " ind2=" ">
    <marcxml:subfield code="a">MoSU-L</marcxml:subfield>
    <marcxml:subfield code="b">eng</marcxml:subfield>
    <marcxml:subfield code="c">MoSU-L</marcxml:subfield>
  </marcxml:datafield>
  <marcxml:datafield tag="100" ind1="1" ind2=" ">
    <marcxml:subfield code="a">Babcock, Charles E.</marcxml:subfield>
    <marcxml:subfield code="q">(Charles Edwin),</marcxml:subfield>
    <marcxml:subfield code="d">1879-1966</marcxml:subfield>
  </marcxml:datafield>
  <marcxml:datafield tag="400" ind1="1" ind2=" ">
    <marcxml:subfield code="a">Babcock, Chas. Edwin</marcxml:subfield>
    <marcxml:subfield code="q">(Charles Edwin),</marcxml:subfield>
    <marcxml:subfield code="d">1879-1966</marcxml:subfield>
  </marcxml:datafield>
  <marcxml:datafield tag="400" ind1="1" ind2=" ">
    <marcxml:subfield code="w">nna</marcxml:subfield>
    <marcxml:subfield code="a">Babcock, Charles Edwin,</marcxml:subfield>
    <marcxml:subfield code="d">1879-1966</marcxml:subfield>
  </marcxml:datafield>
  <marcxml:datafield tag="400" ind1="0" ind2=" ">
    <marcxml:subfield code="a">C. E. B.</marcxml:subfield>
    <marcxml:subfield code="q">(Charles Edwin Babcock),</marcxml:subfield>
    <marcxml:subfield code="d">1879-1966</marcxml:subfield>
  </marcxml:datafield>
  <marcxml:datafield tag="400" ind1="1" ind2=" ">
    <marcxml:subfield code="a">B., C. E.</marcxml:subfield>
    <marcxml:subfield code="q">(Charles Edwin Babcock),</marcxml:subfield>
    <marcxml:subfield code="d">1879-1966</marcxml:subfield>
  </marcxml:datafield>
  <marcxml:datafield tag="670" ind1=" " ind2=" ">
    <marcxml:subfield code="a">Bulletin of the Pan American Union, Aug. 1928:</marcxml:subfield>
    <marcxml:subfield code="b">p. 781 (Charles E. Babcock, librarian, Columbus Memorial Library, Pan American Union)</marcxml:subfield>
  </marcxml:datafield>
  <marcxml:datafield tag="670" ind1=" " ind2=" ">
    <marcxml:subfield code="a">LC database, Feb. 5, 2008</marcxml:subfield>
    <marcxml:subfield code="b">(hdg.: Babcock, Charles Edwin, 1879-1966; usage: Chas. Edwin Babcock; variant: C.E.B.)</marcxml:subfield>
  </marcxml:datafield>
</marcxml:record>
